time,price,volume
"2013-04-03 15:54:53",100,0
"2013-04-03 15:55:45",88.54,2750
"2013-04-03 15:55:46",88.54,1079
"2013-04-03 15:56:17",88.36,2173
"2013-04-03 15:56:18",88.36,1577
"2013-04-03 15:56:19",88.36,981
"2013-04-03 15:56:20",88.36,2173
"2013-04-03 15:56:27",88.72,500
"2013-04-03 15:56:28",88.72,500
"2013-04-03 15:56:29",88.72,500
"2013-04-03 15:56:31",88.18,2178
"2013-04-03 15:56:35",89.59,633
"2013-04-03 15:56:36",89.59,2182
"2013-04-03 15:56:38",89.59,512
"2013-04-03 15:56:40",89.59,826
"2013-04-03 15:56:43",88.34,3202
"2013-04-03 15:56:44",88.34,502
"2013-04-03 15:56:48",89.75,2689
"2013-04-03 15:56:49",89.75,2689
"2013-04-03 15:56:55",85.63,4750
"2013-04-03 15:56:56",79.38,1297
"2013-04-03 15:56:57",79.38,3003
"2013-04-03 15:56:58",85.63,621
"2013-04-03 15:56:59",77.15,6020
"2013-04-03 15:57:05",83.33,872
"2013-04-03 15:57:12",82.29,521
"2013-04-03 15:57:13",75.08,116
"2013-04-03 15:57:15",82.29,80
"2013-04-03 15:57:16",82.29,109
"2013-04-03 15:57:17",72.71,1917
"2013-04-03 15:57:18",72.71,610
"2013-04-03 15:57:20",80.79,3723
"2013-04-03 15:57:23",65.51,1935
"2013-04-03 15:57:24",79.91,120
"2013-04-03 15:57:25",79.91,106
"2013-04-03 15:57:26",79.91,1141
"2013-04-03 15:57:28",80.23,2123
"2013-04-03 15:57:29",80.23,44
"2013-04-03 15:57:30",80.23,837
"2013-04-03 15:57:31",80.23,5118
"2013-04-03 15:57:34",80.55,789
"2013-04-03 15:57:35",80.55,682
"2013-04-03 15:57:38",77.89,1581
"2013-04-03 15:57:43",77.41,790
"2013-04-03 15:57:46",77.89,287
"2013-04-03 15:57:51",80.73,321
"2013-04-03 15:57:59",72.44,695
"2013-04-03 15:58:01",70.82,1919
"2013-04-03 15:58:02",80.64,1133
"2013-04-03 15:58:05",80.64,1674
"2013-04-03 15:58:07",73,108
"2013-04-03 15:58:08",73.98,140
"2013-04-03 15:58:10",72.31,1644
"2013-04-03 15:58:12",72.31,239
"2013-04-03 15:58:13",72.31,239
"2013-04-03 15:58:14",70.27,155
"2013-04-03 15:58:16",71.68,428
"2013-04-03 15:58:21",73.22,532
"2013-04-03 15:58:26",76.89,216
"2013-04-03 15:58:27",76.89,216
"2013-04-03 15:58:28",66.83,369
"2013-04-03 15:58:29",76.53,2531
"2013-04-03 15:58:30",76.89,1027
"2013-04-03 15:58:34",71.8,57
"2013-04-03 15:58:35",69.99,367
"2013-04-03 15:58:36",78.23,169
"2013-04-03 15:58:37",78.23,3243
"2013-04-03 15:58:38",70.28,119
"2013-04-03 15:58:39",69.86,3073
"2013-04-03 15:58:40",73.82,321
"2013-04-03 15:58:42",70.13,57
"2013-04-03 15:58:44",72.3,3054
"2013-04-03 15:58:46",66.27,18
"2013-04-03 15:58:47",66.27,18
"2013-04-03 15:58:48",70.42,30
"2013-04-03 15:58:49",70.42,30
"2013-04-03 15:58:50",69.98,81
"2013-04-03 15:58:52",70.52,279
"2013-04-03 15:58:54",67.19,71
"2013-04-03 15:58:55",71.37,685
"2013-04-03 15:58:56",73.56,876
"2013-04-03 15:58:57",67.92,665
"2013-04-03 15:59:00",69.22,3
"2013-04-03 15:59:01",78.85,370
"2013-04-03 15:59:02",72.81,724
"2013-04-03 15:59:04",68.49,31
"2013-04-03 15:59:06",68.82,92
"2013-04-03 15:59:12",74.69,8
"2013-04-03 15:59:13",74.69,8
"2013-04-03 15:59:15",76.88,2282
"2013-04-03 15:59:16",76.88,1599
"2013-04-03 15:59:17",70.85,35
"2013-04-03 15:59:18",70.85,83
"2013-04-03 15:59:19",70.85,83
"2013-04-03 15:59:21",75.95,844
"2013-04-03 15:59:22",68.65,67
"2013-04-03 15:59:27",61.05,3
"2013-04-03 15:59:31",56.17,49
"2013-04-03 15:59:32",56.17,27
"2013-04-03 15:59:34",59.46,26
"2013-04-03 15:59:35",65.54,18
"2013-04-03 15:59:36",68.7,100
"2013-04-03 15:59:38",62.59,15
"2013-04-03 15:59:39",62.59,15
"2013-04-03 15:59:40",63.92,63
"2013-04-03 15:59:41",63.92,63
"2013-04-03 15:59:43",65.83,45
"2013-04-03 15:59:48",67.71,1
"2013-04-03 15:59:49",67.06,18
"2013-04-03 15:59:50",69.66,2
"2013-04-03 15:59:53",71.4,2
"2013-04-03 15:59:54",73.11,4
"2013-04-03 15:59:57",81.58,1489
"2013-04-03 15:59:59",76.44,9
"2013-04-03 16:00:00",76.44,1
"2013-04-03 16:00:01",76.44,1
"2013-04-03 16:00:04",82.56,6
"2013-04-03 16:00:05",77.49,1
"2013-04-03 16:00:06",70.32,6
"2013-04-03 16:00:07",77.49,1
"2013-04-03 16:00:09",73.39,14
"2013-04-03 16:00:11",67.81,3
"2013-04-03 16:00:12",67.81,20
"2013-04-03 16:00:21",89.27,1611
"2013-04-03 16:00:22",89.27,1611
"2013-04-03 16:00:29",81.91,1
"2013-04-03 16:00:30",81.91,4
"2013-04-03 16:00:32",85.56,1
"2013-04-03 16:00:33",94.76,3
"2013-04-03 16:00:34",94.76,3
"2013-04-03 16:00:37",94.76,221
"2013-04-03 16:00:44",100.73,7
"2013-04-03 16:00:45",100.73,7
"2013-04-03 16:00:50",92.57,29
"2013-04-03 16:00:51",92.57,1
"2013-04-03 16:00:54",99.12,1
"2013-04-03 16:00:55",101.11,6
"2013-04-03 16:00:56",101.11,6
"2013-04-03 16:00:58",99.12,1
"2013-04-03 16:01:02",98.03,1
"2013-04-03 16:01:03",98.03,1
"2013-04-03 16:01:04",105.36,694
"2013-04-03 16:01:07",105.36,591
"2013-04-03 16:01:08",105.36,207
"2013-04-03 16:01:09",105.36,1
"2013-04-03 16:01:10",105.36,1
"2013-04-03 16:01:11",105.36,1
"2013-04-03 16:01:26",115.96,1282
"2013-04-03 16:01:29",117.39,730
"2013-04-03 16:01:34",117.39,30
"2013-04-03 16:01:36",118.15,60
"2013-04-03 16:01:43",115.2,5
"2013-04-03 16:01:46",127.72,266
"2013-04-03 16:01:47",127.72,74
"2013-04-03 16:01:53",131.81,2
"2013-04-03 16:01:54",124.7,1
"2013-04-03 16:01:55",131.81,2
"2013-04-03 16:01:58",133.26,34
"2013-04-03 16:02:01",117.24,1
"2013-04-03 16:02:02",127.81,1
"2013-04-03 16:02:03",127.81,1
"2013-04-03 16:02:04",133.83,1524
"2013-04-03 16:02:05",133.83,1524
"2013-04-03 16:02:06",133.83,343
"2013-04-03 16:02:07",125.33,1
"2013-04-03 16:02:08",121.5,4
"2013-04-03 16:02:09",121.5,1
"2013-04-03 16:02:11",125.39,20
"2013-04-03 16:02:15",121.38,1
"2013-04-03 16:02:16",121.38,1
"2013-04-03 16:02:19",122.72,2
"2013-04-03 16:02:21",129.22,1
"2013-04-03 16:02:25",124.4,1
"2013-04-03 16:02:26",129.22,1
"2013-04-03 16:02:28",135.94,10
"2013-04-03 16:02:34",121.77,1
"2013-04-03 16:02:36",139.07,15
"2013-04-03 16:02:39",132.71,1
"2013-04-03 16:02:41",139.61,1
"2013-04-03 16:02:42",139.61,1
"2013-04-03 16:02:45",139.61,3320
"2013-04-03 16:02:48",152.52,2937
"2013-04-03 16:02:54",164.42,1
"2013-04-03 16:02:56",164.42,74
"2013-04-03 16:03:00",142.91,244
"2013-04-03 16:03:01",158.91,1973
"2013-04-03 16:03:03",158.91,9
"2013-04-03 16:03:06",143.38,2640
"2013-04-03 16:03:11",159.11,1474
"2013-04-03 16:03:15",168.34,1351
"2013-04-03 16:03:16",168.34,1351
"2013-04-03 16:03:17",168.34,3088
"2013-04-03 16:03:18",146.65,652
"2013-04-03 16:03:19",146.65,430
"2013-04-03 16:03:22",144.3,701
"2013-04-03 16:03:23",152.96,118
"2013-04-03 16:03:24",152.96,33
"2013-04-03 16:03:25",152.96,196
"2013-04-03 16:03:28",142.65,514
"2013-04-03 16:03:29",142.65,514
"2013-04-03 16:03:32",148.36,4
"2013-04-03 16:03:33",135.07,144
"2013-04-03 16:03:34",135.07,144
"2013-04-03 16:03:39",130.55,2322
"2013-04-03 16:03:42",133.49,72
"2013-04-03 16:03:44",136.55,29
"2013-04-03 16:03:45",132.78,54
"2013-04-03 16:03:46",139.36,3660
"2013-04-03 16:03:48",130.07,617
"2013-04-03 16:03:52",125.78,256
"2013-04-03 16:03:53",123.31,253
"2013-04-03 16:03:54",124.87,3
"2013-04-03 16:03:55",125.78,335
"2013-04-03 16:03:59",130.81,19
"2013-04-03 16:04:06",132.83,9
"2013-04-03 16:04:07",139.13,2
"2013-04-03 16:04:14",132.17,23
"2013-04-03 16:04:18",113.14,6
"2013-04-03 16:04:19",113.14,6
"2013-04-03 16:04:20",132.24,4386
"2013-04-03 16:04:24",119.77,1
"2013-04-03 16:04:32",124.56,2167
"2013-04-03 16:04:33",124.56,2167
"2013-04-03 16:04:34",114.62,394
"2013-04-03 16:04:35",121.73,165
"2013-04-03 16:04:36",132.38,421
"2013-04-03 16:04:37",132.38,421
"2013-04-03 16:04:38",132.38,626
"2013-04-03 16:04:45",125.36,1
"2013-04-03 16:04:46",127.08,12
"2013-04-03 16:04:53",143.11,49
"2013-04-03 16:04:54",143.11,49
"2013-04-03 16:04:59",151.99,64
"2013-04-03 16:05:00",151.99,551
"2013-04-03 16:05:05",132.22,1
"2013-04-03 16:05:06",133.67,3150
"2013-04-03 16:05:07",133.67,1130
"2013-04-03 16:05:08",138.78,1
"2013-04-03 16:05:09",138.78,1
"2013-04-03 16:05:11",152.51,2077
"2013-04-03 16:05:13",135.4,505
"2013-04-03 16:05:16",131.04,225
"2013-04-03 16:05:21",143.98,204
"2013-04-03 16:05:28",129.87,7
"2013-04-03 16:05:29",139.23,145
"2013-04-03 16:05:31",133.1,312
"2013-04-03 16:05:32",133.1,312
"2013-04-03 16:05:38",144.82,87
"2013-04-03 16:05:39",144.82,30
"2013-04-03 16:05:41",141.61,2
"2013-04-03 16:05:44",146.28,273
"2013-04-03 16:05:52",143.09,13
"2013-04-03 16:05:55",138.37,11
"2013-04-03 16:05:59",149.96,16
"2013-04-03 16:06:00",158.5,1237
"2013-04-03 16:06:05",144.42,29
"2013-04-03 16:06:06",154.28,1542
"2013-04-03 16:06:07",155.76,1023
"2013-04-03 16:06:08",144.1,3
"2013-04-03 16:06:09",150.08,4
"2013-04-03 16:06:10",155.76,1347
"2013-04-03 16:06:11",155.76,66
"2013-04-03 16:06:14",162.77,1258
"2013-04-03 16:06:22",156.98,467
"2013-04-03 16:06:26",163.78,1
"2013-04-03 16:06:27",172.36,85
"2013-04-03 16:06:28",163.78,1
"2013-04-03 16:06:32",160.34,3
"2013-04-03 16:06:33",155.2,1
"2013-04-03 16:06:37",157.75,3
"2013-04-03 16:06:42",177.68,178
"2013-04-03 16:07:01",175.82,1
"2013-04-03 16:07:02",181.41,385
"2013-04-03 16:07:03",181.41,385
"2013-04-03 16:07:08",173.56,1
"2013-04-03 16:07:12",189.54,291
"2013-04-03 16:07:18",196.12,875
"2013-04-03 16:07:19",196.12,56
"2013-04-03 16:07:24",192,1
"2013-04-03 16:07:27",197.38,864
"2013-04-03 16:07:32",197.38,81
"2013-04-03 16:07:42",199.75,987
"2013-04-03 16:08:03",209.54,61
"2013-04-03 16:08:13",214.88,124
"2013-04-03 16:08:18",215.38,722
"2013-04-03 16:08:25",218.53,222
"2013-04-03 16:08:26",218.53,222
"2013-04-03 16:08:28",229.24,470
"2013-04-03 16:08:36",232.57,202
"2013-04-03 16:08:43",242.35,314
"2013-04-03 16:08:44",242.35,314
"2013-04-03 16:08:50",231.58,123
"2013-04-03 16:08:56",245.01,513
"2013-04-03 16:09:04",242.58,825
"2013-04-03 16:09:11",254.07,236
"2013-04-03 16:09:22",269.03,107
"2013-04-03 16:09:28",268.49,727
"2013-04-03 16:09:37",276.54,202
"2013-04-03 16:09:57",269.32,329
"2013-04-03 16:10:08",284.94,320
"2013-04-03 16:10:10",305.74,381
"2013-04-03 16:10:17",307.39,100
"2013-04-03 16:10:23",302.36,104
"2013-04-03 16:10:27",306.4,69
"2013-04-03 16:10:39",302.86,146
"2013-04-03 16:10:50",291.99,614
"2013-04-03 16:10:54",301.63,49
"2013-04-03 16:11:01",300.36,31
"2013-04-03 16:11:14",311.87,359
"2013-04-03 16:11:29",319.82,50
"2013-04-03 16:11:39",348.46,344
"2013-04-03 16:11:54",352.3,51
"2013-04-03 16:12:01",366.74,10
"2013-04-03 16:12:07",354.21,502
"2013-04-03 16:12:14",356.4,29
"2013-04-03 16:12:15",356.4,29
"2013-04-03 16:12:22",366.02,476
"2013-04-03 16:12:26",366.02,5
"2013-04-03 16:12:29",395.82,106
"2013-04-03 16:12:30",395.82,106
"2013-04-03 16:12:33",395.82,250
"2013-04-03 16:12:42",412.05,38
"2013-04-03 16:12:52",408.25,9
"2013-04-03 16:12:56",408.25,5
"2013-04-03 16:12:57",408.25,5
"2013-04-03 16:13:00",413.56,24
"2013-04-03 16:13:04",413.56,1
"2013-04-03 16:13:05",413.56,15
"2013-04-03 16:13:12",435.48,638
"2013-04-03 16:13:13",435.48,638
"2013-04-03 16:13:19",430.98,1
"2013-04-03 16:13:22",454.68,42
"2013-04-03 16:13:35",466.98,12
"2013-04-03 16:13:36",466.98,12
"2013-04-03 16:13:43",458.63,1
"2013-04-03 16:13:54",505.67,16
"2013-04-03 16:14:20",607.62,22
"2013-04-03 16:15:00",742.21,1
"2013-04-03 16:15:19",749.58,91
"2013-04-03 16:15:20",749.58,91
"2013-04-03 16:15:35",772.55,21
"2013-04-03 16:15:45",770.76,176
